@article{Mathuranathan2020Nov,
	author = {Mathuranathan},
	title = {{Simulate additive white Gaussian noise (AWGN) channel - GaussianWaves}},
	journal = {GaussianWaves},
	year = {2020},
	month = nov,
	url = {https://www.gaussianwaves.com/2015/06/how-to-generate-awgn-noise-in-matlaboctave-without-using-in-built-awgn-function}
}